<?xml version="1.0" encoding="UTF-8"?>
<collection xmlns:xsi="http://www.w3.org/2001/XMLSchema-instance" xsi:schemaLocation="http://www.loc.gov/MARC21/slim http://www.loc.gov/standards/marcxml/schema/MARC21slim.xsd" xmlns="http://www.loc.gov/MARC21/slim">
<record>
  <leader>01097cam a2200289L  4500</leader>
  <controlfield tag="001">3071725</controlfield>
  <controlfield tag="003">NNC</controlfield>
  <controlfield tag="005">20130426015420.0</controlfield>
  <controlfield tag="008">850325s1940    ua h     b    001 0 arax </controlfield>
  <datafield tag="010" ind1=" " ind2=" ">
    <subfield code="a">   75587610 </subfield>
  </datafield>
  <datafield tag="035" ind1=" " ind2=" ">
    <subfield code="a">(OCoLC)ocm13887196</subfield>
  </datafield>
  <datafield tag="035" ind1=" " ind2=" ">
    <subfield code="9">ATP4729CU</subfield>
  </datafield>
  <datafield tag="035" ind1=" " ind2=" ">
    <subfield code="a">(NNC)3071725</subfield>
  </datafield>
  <datafield tag="040" ind1=" " ind2=" ">
    <subfield code="a">DLC</subfield>
    <subfield code="c">NYP</subfield>
    <subfield code="d">ZCU</subfield>
  </datafield>
  <datafield tag="050" ind1="0" ind2=" ">
    <subfield code="a">DT96</subfield>
    <subfield code="b">.M217 1940</subfield>
  </datafield>
  <datafield tag="099" ind1=" " ind2=" ">
    <subfield code="a">893.7M281</subfield>
    <subfield code="a">R7</subfield>
  </datafield>
  <datafield tag="100" ind1="1" ind2=" ">
    <subfield code="a">Maqrīzī, Aḥmad ibn ʻAlī,</subfield>
    <subfield code="d">1364-1442.</subfield>
  </datafield>
  <datafield tag="240" ind1="1" ind2="0">
    <subfield code="a">Ighāthat al-ummah bi-kashf al-ghummah</subfield>
  </datafield>
  <datafield tag="245" ind1="1" ind2="0">
    <subfield code="a">Kitāb ighāthat al-ummah bi-kashf al-ghummah,</subfield>
    <subfield code="c">li-Taqī al-Dīn Aḥmad ibn ʻAlī al-Maqrīzī. Qāma ʻalá nashrihi Muḥammad Muṣṭafá Ziyādah [wa]-Jamāl al-Dīn Muḥammad al-Shayyāl.</subfield>
  </datafield>
  <datafield tag="260" ind1=" " ind2=" ">
    <subfield code="a">al-Qāhirah,</subfield>
    <subfield code="b">Lajnat al-Tʾalīf wa-al-Tarjamah wa-al-Nashr,</subfield>
    <subfield code="c">1940.</subfield>
  </datafield>
  <datafield tag="300" ind1=" " ind2=" ">
    <subfield code="a">11, 92 p.</subfield>
    <subfield code="b">facsims.</subfield>
    <subfield code="c">24 cm.</subfield>
  </datafield>
  <datafield tag="500" ind1=" " ind2=" ">
    <subfield code="a">In Arabic.</subfield>
  </datafield>
  <datafield tag="504" ind1=" " ind2=" ">
    <subfield code="a">Includes bibliographies and index.</subfield>
  </datafield>
  <datafield tag="651" ind1=" " ind2="0">
    <subfield code="a">Egypt</subfield>
    <subfield code="x">History</subfield>
    <subfield code="y">1250-1517.</subfield>
  </datafield>
  <datafield tag="700" ind1="1" ind2=" ">
    <subfield code="a">Ziyādah, Muḥammad Muṣṭafá,</subfield>
    <subfield code="e">editor.</subfield>
  </datafield>
  <datafield tag="700" ind1="1" ind2=" ">
    <subfield code="a">Shayyāl, Jamāl al-Dīn,</subfield>
    <subfield code="e">editor.</subfield>
  </datafield>
  <datafield tag="955" ind1=" " ind2=" ">
    <subfield code="b">CU07815166</subfield>
    <subfield code="d">off,glx</subfield>
    <subfield code="e">893.7M281 R7</subfield>
  </datafield>
</record>
</collection>